@INPROCEEDINGS{Coksun15,
  AUTHOR =       "D. Coskun, O. D. Incel,  A. Ozgovde",
  TITLE =        "Phone position/placement detection using accelerometer: Impact on activity recognition",
  BOOKTITLE =    "2015 IEEE Tenth International Conference on Intelligent Sensors, Sensor Networks and Information Processing (ISSNIP)",
  YEAR =         "2015",
  publisher =    "IEEE",
}


@INPROCEEDINGS{Wiese2013,
  AUTHOR =       "Jason Wiese, Scott Saponas, A.J. Brush",
  TITLE =        "Phone position/placement detection using accelerometer: Impact on activity recognit",
  BOOKTITLE =    "CHI 2013",
  YEAR =         "2013",
  publisher =    "ACM",
}

@InProceedings{Fujinami,
author="Fujinami, Kaori
and Kouchi, Satoshi",
editor="Zheng, Kan
and Li, Mo
and Jiang, Hongbo",
title="Recognizing a Mobile Phone's Storing Position as a Context of a Device and a User",
booktitle="Mobile and Ubiquitous Systems: Computing, Networking, and Services",
year="2013",
publisher="Springer Berlin Heidelberg",
address="Berlin, Heidelberg",
pages="76--88",
}



@INPROCEEDINGS{Martin,
 author = {Mart\'{\i}n, Henar and Bernardos, Ana M. and Iglesias, Josu{\'e} and Casar, Jos{\'e} R.},
 title = {Activity Logging Using Lightweight Classification Techniques in Mobile Devices},
 journal = {Personal Ubiquitous Comput.},
 issue_date = {April 2013},
 volume = {17},
 number = {4},
 month = apr,
 year = {2013},
 issn = {1617-4909},
 pages = {675--695},
 numpages = {21},
 url = {http://dx.doi.org/10.1007/s00779-012-0515-4},
 doi = {10.1007/s00779-012-0515-4},
 acmid = {2458811},
 publisher = {Springer-Verlag},
 address = {London, UK, UK},
 keywords = {Activity recognition, Context awareness, Life logging, Mobile application, Pattern recognition, Personal health},
} 

@inproceedings{Park,
 author = {Park, Jun-geun and Patel, Ami and Curtis, Dorothy and Teller, Seth and Ledlie, Jonathan},
 title = {Online Pose Classification and Walking Speed Estimation Using Handheld Devices},
 booktitle = {Proceedings of the 2012 ACM Conference on Ubiquitous Computing},
 series = {UbiComp '12},
 year = {2012},
 isbn = {978-1-4503-1224-0},
 location = {Pittsburgh, Pennsylvania},
 pages = {113--122},
 numpages = {10},
 url = {http://doi.acm.org/10.1145/2370216.2370235},
 doi = {10.1145/2370216.2370235},
 acmid = {2370235},
 publisher = {ACM},
 address = {New York, NY, USA},
 keywords = {activity classification, handheld device, machine learning},
} 


@inproceedings{Khan2010,
author="Khan, Adil Mehmood
and Lee, Young-Koo
and Lee, Sungyoung
and Kim, Tae-Seong",
title="Accelerometer's position independent physical activity recognition system for long-term activity monitoring in the elderly",
journal="Medical {\&} Biological Engineering {\&} Computing",
year="2010",
month="Dec",
day="01",
volume="48",
number="12",
pages="1271--1279",
doi="10.1007/s11517-010-0701-3",
url="https://doi.org/10.1007/s11517-010-0701-3"
}

@inproceedings{Miluzzo2010,
  title={Pocket, Bag, Hand, etc. - Automatically Detecting Phone Context through Discovery},
  author={Emiliano Miluzzo and Michela Papandrea and Nicholas D. Lane and Hong Lu and Andrew T. Campbell},
  year={2010}
}


@inproceedings{phoneprioception,
author = {Wiese, Jason and Saponas, Scott and Brush, A.J.},
title = {Phoneprioception: Enabling Mobile Phones to Infer Where they Are Kept},
booktitle = {CHI 2013},
year = {2013},
month = {April},
publisher = {ACM},
}

@inproceedings{Kunze2005WhereAI,
  title={Where Am I: Recognizing On-body Positions of Wearable Sensors},
  author={Kai Kunze and Paul Lukowicz and Holger Junker and Gerhard Tr{\"o}ster},
  booktitle={LoCA},
  year={2005}
}







