@ONLINE{deitrick:consumer,
	AUTHOR = {Calla Deitrick},
	TITLE = {Smartphone thefts drop as kill switch usage grows},
	MONTH = "June 11",
	YEAR = 2015,
	howpublished = "\url{http://www.consumerreports.org/cro/news/2015/06/smartphone-thefts-on-the-decline/index.htm}"	}

@ONLINE{boyles:pew,
	AUTHOR = {Jan Lauren Boyles and Aaron Smith and Mary Madden},
	TITLE = {Privacy and Data Management on Mobile Devices},
	MONTH = "September 5",
	YEAR = 2012,	
	howpublished = "\url{http://www.pewinternet.org/2012/09/05/privacy-and-data-management-on-mobile-devices/}"	}

@ONLINE{android:doc,
	AUTHOR = {Android Developers},
	TITLE = {Sensor Manager},
	YEAR = 2017,
	howpublished = "\url{http://scikit-learn.org/stable/modules/generated/sklearn.ensemble.RandomForestClassifier.html}"	}

@ONLINE{sklearn:rfdoc,
	AUTHOR = {scikit-learn},
	TITLE = {3.2.4.3.1. sklearn.ensemble.RandomForestClassifier},
	YEAR = 2016,
	howpublished = "\url{https://developer.android.com/reference/android/hardware/SensorManager.html}"	}

@INPROCEEDINGS{egelman:lock,
	AUTHOR = "Serge Egelman and Sakshi Jain and Rebecca S. Portnoff and Kerwell Liao and Sunny Consolvo and David Wagner",
	TITLE = "Are You Ready to Lock? Understanding User Motivations for Smartphone Locking Behaviors",
	BOOKTITLE = "2014 ACM SIGSAC Conference on Computer and Communications Security Proceedings",
	PAGES = "750-761",
	ORGANIZATION = "ACM SIGSAC ",
	MONTH = "November", 
	YEAR = {2014}	}

@INPROCEEDINGS{derawi:gait,
	AUTHOR = "Mohammad O. Derawi and Claudia Nickel and Patrick Bours and Christoph Busch",
	TITLE = "Unobtrusive User-Authentication on Mobile Phones using Biometric Gait Recognition",
	BOOKTITLE = "Intelligent Information Hiding and Multimedia Signal (IIH-MSP) Sixth International Conference Processing",
	PAGES = "306-311",
	ORGANIZATION = "IEEE",
	MONTH = "October", 
	YEAR = {2010}	}

@INPROCEEDINGS{primo:context,
	AUTHOR = "Abena Primo and Vir V. Phoha and Rajesh Kumar and Abdul Serwadda",
	TITLE = "Context-Aware Active Authentication Using Smartphone Accelerometer Measurements",
	BOOKTITLE = "Proceedings of the IEEE Conference on Computer Vision and Pattern Recognition Workshops",
	PAGES = "98-105",
	ORGANIZATION = "IEEE",
	MONTH = "June", 
	YEAR = {2014}	}

@INPROCEEDINGS{xu:pace,
	AUTHOR = "Felix Juefei-Xu and Chandrasekhar Bhagavatula and Aaron Jaech and Unni Prasad and Marios Savvides",
	TITLE = "Gait-ID on the Move: Pace Independent Human Identification Using Cell Phone Accelerometer Dynamics",
	BOOKTITLE = "Biometrics: Theory, Applications and Systems (BTAS), 2012 IEEE Fifth International Conference on",
	ORGANIZATION = "IEEE",
	YEAR = {2012}	}

@INPROCEEDINGS{kwapisz:biometrics,
	AUTHOR = "Jennifer R. Kwapisz and Gary M. Weiss and Samuel A. Moore ",
	TITLE = "Cell Phone-Based Biometric Identification",
	BOOKTITLE = "Biometrics: Theory Applications and Systems (BTAS), 2010 Fourth IEEE International Conference on",
	ORGANIZATION = "IEEE",
	YEAR = {2010}	}

@INPROCEEDINGS{feng:pickup,
	AUTHOR = "Tao Feng and Xi Zhao and Weidong Shi",
	TITLE = "Investigating Mobile Device Picking-up Motion as a Novel Biometric Modality",
	BOOKTITLE = "Biometrics: Theory, Applications and Systems (BTAS), 2013 IEEE Sixth International Conference on",
	ORGANIZATION = "IEEE",
	YEAR = {2013}	}

@INPROCEEDINGS{cheng:theft,
	AUTHOR = "Shan Chang and Ting Lu and Hui Song",
	TITLE = "SmartDog: Real-time Detection of Smartphone Theft",
	BOOKTITLE = "Internet of Things (iThings) and IEEE Green Computing and Communications (GreenCom) and IEEE Cyber, Physical and Social Computing (CPSCom) and IEEE Smart Data (SmartData), 2016 IEEE International Conference on",
	ORGANIZATION = "IEEE",
	YEAR = {2016}	}















@ARTICLE{bowman:reasoning,
	AUTHOR = "Mic Bowman and Saumya K. Debray and Larry L. Peterson",
	TITLE = "Reasoning About Naming Systems",
	JOURNAL = "ACM Trans. Program. Lang. Syst.",
	VOLUME = {15},
	NUMBER = {5},
	PAGES = {795-825},
	MONTH = "November",
	YEAR = {1993}	}

@ARTICLE{braams:babel,
	AUTHOR = "Johannes Braams",
	TITLE = "Babel, a Multilingual Style-Option System for Use with LaTeX's Standard Document Styles",
	JOURNAL = {TUGboat},
	VOLUME = {12},
	NUMBER = {2},
	PAGES = {291-301},
	MONTH = "June",
	YEAR = {1991}	}

@INPROCEEDINGS{clark:pct,
	AUTHOR = "Malcolm Clark",
	TITLE = "Post Congress Tristesse",
	BOOKTITLE = "TeX90 Conference Proceedings",
	PAGES = "84-89",
	ORGANIZATION = "TeX Users Group",
	MONTH = "March", 
	YEAR = {1991}	}

@ARTICLE{herlihy:methodology,
	AUTHOR = "Maurice Herlihy",
	TITLE = "A Methodology for Implementing Highly Concurrent
	Data Objects",
	JOURNAL = {ACM Trans. Program. Lang. Syst.},
	VOLUME = {15},
	NUMBER = {5},
	PAGES = {745-770},
	MONTH = "November",
	YEAR = {1993}	}

@BOOK{Lamport:LaTeX,
	AUTHOR = "Leslie Lamport",
	TITLE = "LaTeX User's Guide and Document Reference Manual",
	PUBLISHER = "Addison-Wesley Publishing Company",
	ADDRESS = "Reading, Massachusetts",
	YEAR = "1986"	}

@BOOK{salas:calculus,
	AUTHOR = "S.L. Salas and Einar Hille",
	TITLE = "Calculus: One and Several Variable",
	PUBLISHER = "John Wiley and Sons",
	ADDRESS = "New York",
	YEAR = "1978"	}






