%% This BibTeX bibliography file was created using BibDesk.
%% http://bibdesk.sourceforge.net/


%% Created for Serge Egelman at 2017-08-11 12:54:18 -0700 


%% Saved with string encoding Unicode (UTF-8) 



@inproceedings{Dey2014,
	Author = {Sanorita Dey and Nirupam Roy and Wenyuan Xu and Romit Roy Choudhury and Srihari Nelakuditi},
	Booktitle = {Proceedings of the 20th Annual Network and Distributed System Security Symposium},
	Date-Added = {2017-08-11 19:54:17 +0000},
	Date-Modified = {2017-08-11 19:54:17 +0000},
	Series = {NDSS '14},
	Title = {AccelPrint: Imperfections of Accelerometers Make Smartphones Trackable},
	Year = {2014}}

@online{deitrick:consumer,
	Author = {Calla Deitrick},
	Howpublished = {\url{http://www.consumerreports.org/cro/news/2015/06/smartphone-thefts-on-the-decline/index.htm}},
	Month = {June 11},
	Title = {Smartphone thefts drop as kill switch usage grows},
	Year = 2015}

@online{boyles:pew,
	Author = {Jan Lauren Boyles and Aaron Smith and Mary Madden},
	Howpublished = {\url{http://www.pewinternet.org/2012/09/05/privacy-and-data-management-on-mobile-devices/}},
	Month = {September 5},
	Title = {Privacy and Data Management on Mobile Devices},
	Year = 2012}

@online{android:doc,
	Howpublished = {\url{https://developer.android.com/reference/android/hardware/SensorManager.html}},
	Title = {Android Developers Sensor Manager},
	Year = 2017}

@online{sklearn:rfdoc,
	Author = {scikit-learn},
	Howpublished = {\url{http://scikit-learn.org/stable/modules/generated/sklearn.ensemble.RandomForestClassifier.html}},
	Title = {3.2.4.3.1. sklearn.ensemble.RandomForestClassifier},
	Year = 2016}

@inproceedings{egelman:lock,
	Author = {Serge Egelman and Sakshi Jain and Rebecca S. Portnoff and Kerwell Liao and Sunny Consolvo and David Wagner},
	Booktitle = {2014 ACM SIGSAC Conference on Computer and Communications Security Proceedings},
	Month = {November},
	Organization = {ACM SIGSAC},
	Pages = {750-761},
	Title = {Are You Ready to Lock? Understanding User Motivations for Smartphone Locking Behaviors},
	Year = {2014}}

@inproceedings{derawi:gait,
	Author = {Mohammad O. Derawi and Claudia Nickel and Patrick Bours and Christoph Busch},
	Booktitle = {Intelligent Information Hiding and Multimedia Signal (IIH-MSP) Sixth International Conference Processing},
	Month = {October},
	Organization = {IEEE},
	Pages = {306-311},
	Title = {Unobtrusive User-Authentication on Mobile Phones using Biometric Gait Recognition},
	Year = {2010}}

@inproceedings{primo:context,
	Author = {Abena Primo and Vir V. Phoha and Rajesh Kumar and Abdul Serwadda},
	Booktitle = {Proceedings of the IEEE Conference on Computer Vision and Pattern Recognition Workshops},
	Month = {June},
	Organization = {IEEE},
	Pages = {98-105},
	Title = {Context-Aware Active Authentication Using Smartphone Accelerometer Measurements},
	Year = {2014}}

@inproceedings{xu:pace,
	Author = {Felix Juefei-Xu and Chandrasekhar Bhagavatula and Aaron Jaech and Unni Prasad and Marios Savvides},
	Booktitle = {Biometrics: Theory, Applications and Systems (BTAS), 2012 IEEE Fifth International Conference on},
	Organization = {IEEE},
	Title = {Gait-ID on the Move: Pace Independent Human Identification Using Cell Phone Accelerometer Dynamics},
	Year = {2012}}

@inproceedings{kwapisz:biometrics,
	Author = {Jennifer R. Kwapisz and Gary M. Weiss and Samuel A. Moore},
	Booktitle = {Biometrics: Theory Applications and Systems (BTAS), 2010 Fourth IEEE International Conference on},
	Organization = {IEEE},
	Title = {Cell Phone-Based Biometric Identification},
	Year = {2010}}

@inproceedings{feng:pickup,
	Author = {Tao Feng and Xi Zhao and Weidong Shi},
	Booktitle = {Biometrics: Theory, Applications and Systems (BTAS), 2013 IEEE Sixth International Conference on},
	Organization = {IEEE},
	Title = {Investigating Mobile Device Picking-up Motion as a Novel Biometric Modality},
	Year = {2013}}

@inproceedings{cheng:theft,
	Author = {Shan Chang and Ting Lu and Hui Song},
	Booktitle = {Internet of Things (iThings) and IEEE Green Computing and Communications (GreenCom) and IEEE Cyber, Physical and Social Computing (CPSCom) and IEEE Smart Data (SmartData), 2016 IEEE International Conference on},
	Organization = {IEEE},
	Title = {SmartDog: Real-time Detection of Smartphone Theft},
	Year = {2016}}

@inproceedings{mare:zebra,
	Author = {Shrirang Mare and Andres Molina-Markham and Cory Cornelius and Ronald Peterson and David Kotz},
	Booktitle = {Security and Privacy (SP), 2014 IEEE Symposium on},
	Month = {May},
	Organization = {IEEE},
	Pages = {705-720},
	Title = {ZEBRA: Zero-Effort Bilateral Recurring Authentication},
	Year = {2014}}
